@article{ressia2014talents,
  title={Talents: an environment for dynamically composing units of reuse},
  author={Ressia, Jorge and G{\^\i}rba, Tudor and Nierstrasz, Oscar and Perin, Fabrizio and Renggli, Lukas},
  journal={Software: Practice and Experience},
  volume={44},
  number={4},
  pages={413--432},
  year={2014},
  publisher={Wiley Online Library}
}

@inproceedings{hinkle1993debugging,
  title={Debugging objects},
  author={Hinkle, Bob and Jones, Vicki and Johnson, Ralph E},
  booktitle={The Smalltalk Report},
  year={1993},
  organization={Citeseer}
}

@inproceedings{foote1989reflective,
  title={Reflective facilities in Smalltalk-80},
  author={Foote, Brian and Johnson, Ralph E},
  booktitle={ACM Sigplan Notices},
  volume={24},
  number={10},
  pages={327--335},
  year={1989},
  organization={ACM}
}

@article{ducasse1999evaluating,
  title={Evaluating message passing control techniques in Smalltalk},
  author={Ducasse, St{\'e}phane},
  journal={Journal of Object Oriented Programming},
  volume={12},
  pages={39--50},
  year={1999},
  publisher={Citeseer}
}

@inproceedings{brant1998wrappers,
  title={Wrappers to the Rescue},
  author={Brant, John and Foote, Brian and Johnson, Ralph E and Roberts, Donald},
  booktitle={European Conference on Object-Oriented Programming},
  pages={396--417},
  year={1998},
  organization={Springer}
}


@book{alpert1998design,
  title={The design patterns Smalltalk companion},
  author={Alpert, Sherman R and Brown, Kyle and Woolf, Bobby},
  year={1998},
  publisher={Addison-Wesley Longman Publishing Co., Inc.}
}

@article{Mart14z,
	Aeres = {ACL},
	Annote = {internationaljournal},
	Author = {Mariano Martinez Peck and Noury Bouraqadi and Luc Fabresse and Marcus Denker and Camille Teruel},
	Hal-Id = {hal-01081236},
	Journal = {Journal of Object Technology},
	Pages = {339-359},
	Volume = {98},
	Issue = {3},
	Doi = {10.1016/j.scico.2014.05.015},
	Title = {Ghost: A Uniform and General-Purpose Proxy Implementation},
  Year = {2015}
    }

@book{denker2008sub,
  title={Sub-method Structural and Behavioral Reflection},
  author={Denker, Marcus},
  year={2008},
  publisher={Lulu. com}
}

@inproceedings{denker2007sub,
  title={Sub-method reflection},
  author={Denker, Marcus and Ducasse, St{\'e}phane and Lienhard, Adrian and Marschall, Philippe},
  booktitle={TOOLS Europe 2007},
  volume={6},
  pages={231--251},
  year={2007},
  organization={JOT}
}

@inproceedings{Ress12a,
  author = {Ressia, Jorge and Bergel, Alexandre and Nierstrasz, Oscar},
  title = {Object-Centric Debugging},
  booktitle = {Proceeding of the 34rd international conference on Software engineering},
  year = {2012},
  doi = {10.1109/ICSE.2012.6227167},
  annote = {internationalconference},
  location = {Zurich, Switzerland},
  series = {ICSE '12}}
