@article{ressia2014talents,
  title={Talents: an environment for dynamically composing units of reuse},
  author={Ressia, Jorge and G{\^\i}rba, Tudor and Nierstrasz, Oscar and Perin, Fabrizio and Renggli, Lukas},
  journal={Software: Practice and Experience},
  volume={44},
  number={4},
  pages={413--432},
  year={2014},
  publisher={Wiley Online Library}
}
